@article{originalJacobiMethodLatticeBasisReduction,
      author="Sanzheng Qio",
      title="A Jacobi Method for Lattice Basis Reduction",
      year="2012"
}